@article{krauss2016arbitrageSandP,
  title={Deep neural networks, gradient-boosted trees, random forests: Statistical arbitrage on the S\&P 500},
  year={2016},
  author={Christopher Krauss and Xuan Anh Do and Nicolas Huck},
  journal={Econstor}
}
@article{krauss2019statisticalArbitrage,
  title={Statistical Arbitrage in Cryptocurrency Markets},
  year={2019},
  author={Thomas Günter Fischer and Christopher Krauss and Alexander Deinert},
  journal={Journal of Risk and Financial Management}
}
@article{gatev2006pairsTrading,
  title={Pairs Trading: Performance of a Relative Value Arbitrage Rule},
  year={2006},
  author={Evan Gatev and William N. Goetzmann and K. Geert Rouwenhorst},
  journal={The Review of Financial Studies}
}
@article{bowen2016equityMarket,
  title={Pairs Trading in the UK Equity Market Risk and Return},
  year={2016},
  author={David A. Bowen and Mark C. Hutchinson},
  journal={European Journal of Finance}
}
@article{takeuchi2013momentumTrading,
  title={Applying Deep Learning to Enhance Momentum Trading Strategies in Stocks},
  year={2013},
  author={Lawrence Takeuchi and Yu-Ying (Albert) Lee},
  journal={Working Paper, Stanford University}
}
@article{malkiel2003marketHypothesis,
  title={The Efficient Market Hypothesis and its Critics},
  year={2003},
  author={Burton G. Malkiel},
  journal={Journal of Economic Perspectives}
}
@article{fama1970marketHypothesis,
  title={Efficient Capital Markets: A Review of Theory and Empirical Work},
  year={1970},
  author={Eugene F. Fama},
  journal={The Journal of Finance}
}
@article{park2013logisticRegression,
  title={An Introduction to Logistic Regression: From Basic Concepts to Interpretation with Particular Attention to Nursing Domain},
  year={2013},
  author={Hyeoun-Ae Park},
  journal={J Korean Acad Nurs}
}
@article{fischer2017lstmMarketPrediction,
  title={Deep learning with long short-term memory networks for financial market predictions},
  year={2017},
  author={Thomas Fischer and Christopher Krauss},
  journal={FAU Discussion Papers in Economics}
}
@article{sklearn2011,
  title={Scikit-learn: Machine Learning in Python},
  year={2011},
  author={Fabian Pedregosa et al.},
  journal={Journal of Machine Learning Research}
}
@article{kerdprasop2011discreteDecisionTree,
  title={Discrete decision tree induction to avoid overfitting on categorical data},
  year={2013},
  author={Nittaya Kerdprasop and Kittisak Kerdprasop},
  journal={13th WSEAS International Conference on Systems Theroy and Scientific Computation}
}
@article{rutkowski2011cart,
  title={The CART Decision Tree for Mining Data Streams},
  year={2013},
  author={Leszek Rutkowski and Maciej Jaworski and Lena Pietruczuk and Piotr Duda},
  journal={Information Sciences Volume 266}
}
@article{geman1992biasVariance,
  title={Neural networks and the bias/variance dilemma},
  author={Stuart Geman and Elie Bienenstock and Ren{\'e} Doursat},
  journal={Neural computation},
  year={1992},
}
@article{moritz2014partFutureReturns,
  title={Deep conditional portfolio sorts: The relation between past and future stock returns},
  author={Benjamin Moritz and Tom Zimmermann},
  journal={Working Paper},
  year={2014},
}
@article{schapire1997adaboost,
  title={A Decision-Theoretic Generalization of On-Line Learning and an Application to Boosting},
  author={Yoav Freund and Robert E. Schapire},
  journal={Journal of Computer and System Science},
  year={1997},
}
@article{hastie2009multiClassAdaboost,
  title={Multi-class AdaBoost},
  author={Ji Zhu and Hui Zou and Saharon Rosset and Trevor Hastie},
  journal={Statistics and Its Interface},
  year={2009},
}
@article{liu2015highFrequency,
  title={Intraday Pairs Trading Strategies on High Frequency Data: The Case of Oil Companies},
  author={Bo Liu and Lo-Bin Chang and Helyette Geman},
  journal={Quantitative Finance},
  year={2015},
}
@article{louppe2015variableImportance,
  title={Understanding variable importance in forests of randomized trees},
  author={Gilles Louppe and LouisWehenkel and Antonio Sutera and Pierre Geurts},
  journal={Proceedings of the 26th International Conference on Neural Information Processing Systems},
  year={2013},
}
@article{leung2000classificationStockIndices,
  title={Forecasting stock indices: a comparison of classification and level estimation models},
  author={Mark T. Leung and Hazem Daouk and An-Sing Chen},
  journal={International Journal of Forecasting},
  year={2000},
}
@article{enke2005classificationNN,
  title={The use of data mining and neural networks for forecasting stock market returns},
  author={Mark David Enke and Suraphan Thawornwong},
  journal={Expert Systems with Applications},
  year={2005},
}
@article{dyhrberg2015bitcoinRegulations,
  title={Bitcoin, gold and the dollar – A GARCH volatility analysis},
  author={Anne Haubo Dyhrberg},
  journal={Finance Research Letters},
  year={2015},
}
@article{houben1994cryptoRegulation,
  title={Crypto-assets: Key developments, regulatory concerns and responses},
  author={Robby Houben and Alexander Snyers},
  year={2020},
  publisher={European Parliament's Committee on Economic and Monetary Affairs},
}
@article{shah2014bayesianRegression,
  title={Bayesian regression and Bitcoin},
  author={Devavrat Shah and Kang Zhang},
  year={2014},
  publisher={Annual Allerton Conference on Communication, Control, and Computing},
}
@article{dixon2015annMarketPrediction,
  title={Implementing Deep Neural Networks for Financial Market Prediction on the Intel Xeon Phi},
  author={Matthew Dixon and Diego Klabjan and Jin Hoon Bang},
  year={2015},
  publisher={Proceedings of the 8th Workshop on High Performance Computational Finance},
}
@article{carhart1997mutualFundPerformance,
  title={On Persistence in Mutual Fund Performance},
  author={Mark M. Carhart},
  year={1997},
  publisher={The Journal of Finance},
}
@article{schapire1999boostingIntro,
  title={A Short Introduction to Boosting},
  author={Yoav Freund and Robert E. Schapire},
  year={1999},
  publisher={Journal of Japanese Society for Artificial Intelligence},
}
@article{schapire1996boostingExperiments,
  title={A Short Introduction to Boosting},
  author={Yoav Freund and Robert E. Schapire},
  year={1996},
  publisher={Machine Learning: Proceedings of the Thirteenth International Conference},
}
@article{dietterich2000ensembleComparison,
  title={An Experimental Comparison of Three Methods for Constructing Ensembles of Decision Trees: Bagging, Boosting, and Randomization},
  author={Thomas G Dietterich},
  year={2000},
  publisher={Machine Learning 40},
}
@article{friedman2002gradientBoosting,
  title={Stochastic Gradient Boosting},
  author={Jerome H. Friedman},
  year={2000},
  publisher={Computational Statistics & Data Analysis 38},
}
@article{arora2018relu,
  title={Understanding Deep Neural Networks with rectified linear units},
  author={Raman Arora and Amitabh Basu and Poorya Mianjy and Anirbit Mukherjee},
  year={2018},
  publisher={ICLR 2018},
}
@article{ruder2016gradientDescent,
  title={An overview of gradient descent optimization algorithms},
  author={Sebastian Ruder},
  year={2016},
  publisher={ArXiv},
}
@article{berner2019reluDerivative,
  title={Towards a regularity theory for ReLU networks – chain rule and global error estimates},
  author={Julius Berner and Dennis Elbrachter and Philipp Grohs and Arnulf Jentzen§},
  year={2019},
  publisher={13th International conference on Sampling Theory and Applications},
}
@article{huck2009pairSelection,
  title={Pairs selection and outranking: An application to the S\&P 100 index},
  author={Nicolas Huck},
  year={2009},
  publisher={European Journal of Operational Research},
}
@article{zhang1998annStateOfTheArt,
  title={Forecasting With Artificial Neural Networks: The State of the Art},
  author={Peter G. Zhang and Eddy Patuwo and Michael Y. Hu},
  year={1998},
  publisher={International Journal of Forecasting},
}
@book{rojas1996neuralNetworks,
  title={Neural Networks: A Systematic Introduction},
  author={Raul Rojas},
  year={1996},
  publisher={Springer Berlin Heidelberg}
}
@book{delbaen1994assetPricing,
  title={A General Version of the Fundamental Theorem of Asset Pricing},
  author={Freddy Delbaen and Walter Schachermayer},
  year={1994},
  publisher={Springer Berlin Heidelberg}
}
@book{hastie2009statisticalLearning,
  title={The Elements of Statistical Learning},
  author={Trevor Hastie and Robert Tibshirani and Jerome Friedman},
  year={2009},
  publisher={Springer Berlin Heidelberg}
}
@book{breiman1984decisionTree,
  title={Classification and Regression Trees},
  author={Breiman, L. and Friedman, J. and Stone, C.J. and Olshen, R.A.},
  series={The Wadsworth and Brooks-Cole statistics-probability series},
  year={1984},
  publisher={Taylor \& Francis}
}
@book{james2013statisticalLearning,
  title = {An Introduction to Statistical Learning: with Applications in R },
  author = {Gareth James and Daniela Witten and Trevor Hastie and Robert Tibshirani},
  publisher = {Springer},
  year = {2013}
}
@online{bitfinex2012,
  author = {iFinex Inc.},
  title = {{Bitfinex}},
  year = 2012,
  url = {https://www.bitfinex.com/},
  urldate = {2020-07-03}
}
@online{python2020,
  title = {Python 3.7.8 documentation},
  url = {https://docs.python.org/3.7/},
  publisher={Python Software Foundation},
  year = {2020}, 
  urldate = {2020-07-03}
}
@online{pandas2020,
  title = {pandas documentation},
  url = {https://pandas.pydata.org/docs/},
  year = {2020}, 
  urldate = {2020-07-03}
}
@online{numpy2020,
  title = {NumPy Documentation},
  url = {https://numpy.org/doc/},
  year = {2020}, 
  urldate = {2020-07-03}
}
@online{matplotlib2020,
  title = {NumPy Documentation},
  url = {https://matplotlib.org/},
  year = {2020}, 
  urldate = {2020-07-03}
}
@online{scikit2020,
  title = {scikit-learn},
  url = {https://scikit-learn.org/stable/},
  year = {2020}, 
  urldate = {2020-07-03}
}
@online{coinmarketcap2013,
  title = {CoinMarketCap},
  url = {https://coinmarketcap.com/de/exchanges/bitfinex/},
  year = {2013}, 
  urldate = {2020-07-03}
}